
  <record>
    <leader>01000aam  22002601a 4500</leader>
    <controlfield tag="001">YPZ762</controlfield>
    <controlfield tag="003">YPZ</controlfield>
    <controlfield tag="005">200503170000000</controlfield>
    <controlfield tag="008">050317|###########||||||b||||||||||spa|d</controlfield>
    <datafield tag="040" ind1=" " ind2=" ">
      <subfield code="c">SIUNPA</subfield>
    </datafield>
    <datafield tag="041" ind1=" " ind2=" ">
      <subfield code="a">spa</subfield>
      <subfield code="a">eng</subfield>
    </datafield>
    <datafield tag="044" ind1=" " ind2=" ">
      <subfield code="a">AR</subfield>
    </datafield>
    <datafield tag="080" ind1=" " ind2=" ">
      <subfield code="a">821.134.2(82) L172p</subfield>
    </datafield>
    <datafield tag="100" ind1=" " ind2=" ">
      <subfield code="a">Lagallé, Pablo.</subfield>
    </datafield>
    <datafield tag="245" ind1=" " ind2=" ">
      <subfield code="a">Patagonia mi tierra</subfield>
      <subfield code="c"> / Clark, María Alejandra, tr. ; Gibbs, Hellen, contribution</subfield>
    </datafield>
    <datafield tag="246" ind1=" " ind2=" ">
      <subfield code="a">Patagonia my land.</subfield>
    </datafield>
    <datafield tag="260" ind1=" " ind2=" ">
      <subfield code="a">Gobernador Gregores, Santa Cruz</subfield>
      <subfield code="b"> : P. Lagalle, ed.</subfield>
      <subfield code="c"> , 2001</subfield>
    </datafield>
    <datafield tag="300" ind1=" " ind2=" ">
      <subfield code="a">1 casete sonoro (40 min., 48 sec.) + 2 folletos (39 p. : </subfield>
      <subfield code="e">2 folletos (39 p. : il.)</subfield>
    </datafield>
    <datafield tag="500" ind1=" " ind2=" ">
      <subfield code="a">Subtít. de cubierta: Poemas y cantares argentinos</subfield>
    </datafield>
    <datafield tag="500" ind1=" " ind2=" ">
      <subfield code="a">Contenido de casete sonoro: Patagonia... Mi tierra / Pablo Lagallé</subfield>
    </datafield>
    <datafield tag="500" ind1=" " ind2=" ">
      <subfield code="a">Folleto también en inglés</subfield>
    </datafield>
    <datafield tag="650" ind1=" " ind2=" ">
      <subfield code="a"> LITERATURA ARGENTINA</subfield>
    </datafield>
    <datafield tag="650" ind1=" " ind2=" ">
      <subfield code="a"> POESIA</subfield>
    </datafield>
    <datafield tag="942" ind1=" " ind2=" ">
      <subfield code="c">CS</subfield>
    </datafield>
    <datafield tag="952" ind1=" " ind2=" ">
      <subfield code="a">BIB_RECT</subfield>
      <subfield code="b">BIB_UACO</subfield>
      <subfield code="d">2005-08-23</subfield>
      <subfield code="y">CS</subfield>
      <subfield code="p">02-27217</subfield>
      <subfield code="i">02-27217</subfield>
      <subfield code="g">15</subfield>
      <subfield code="o">821.134.2(82) L172p</subfield>
      <subfield code="e">Donación autor</subfield>
      <subfield code="8">MM</subfield>
    </datafield>
  </record>