
  <record>
    <leader>01000aam  22002601a 4500</leader>
    <controlfield tag="001">YPZ93843</controlfield>
    <controlfield tag="003">YPZ</controlfield>
    <controlfield tag="005">201103141544000</controlfield>
    <controlfield tag="008">110314|###########||||||b||||||||||spa|d</controlfield>
    <datafield tag="040" ind1=" " ind2=" ">
      <subfield code="c">SIUNPA</subfield>
    </datafield>
    <datafield tag="041" ind1=" " ind2=" ">
      <subfield code="a">eng</subfield>
    </datafield>
    <datafield tag="044" ind1=" " ind2=" ">
      <subfield code="a">US</subfield>
    </datafield>
    <datafield tag="080" ind1=" " ind2=" ">
      <subfield code="a">372.811.111 K599e</subfield>
    </datafield>
    <datafield tag="100" ind1=" " ind2=" ">
      <subfield code="a">Kirn, Elaine.</subfield>
    </datafield>
    <datafield tag="245" ind1=" " ind2=" ">
      <subfield code="a">ETC</subfield>
      <subfield code="b"> : a competency-based listening/speaking book. Level 5</subfield>
    </datafield>
    <datafield tag="260" ind1=" " ind2=" ">
      <subfield code="a">[Nueva York, N.Y.]</subfield>
      <subfield code="b"> : Random House</subfield>
      <subfield code="c"> , 1989</subfield>
    </datafield>
    <datafield tag="500" ind1=" " ind2=" ">
      <subfield code="a">Tít. de partida: Tapes to accompany</subfield>
    </datafield>
    <datafield tag="650" ind1=" " ind2=" ">
      <subfield code="a"> LENGUA INGLESA</subfield>
    </datafield>
    <datafield tag="650" ind1=" " ind2=" ">
      <subfield code="a"> ENSEÑANZA DEL INGLES</subfield>
    </datafield>
    <datafield tag="942" ind1=" " ind2=" ">
      <subfield code="c">CS</subfield>
    </datafield>
    <datafield tag="952" ind1=" " ind2=" ">
      <subfield code="a">BIB_RECT</subfield>
      <subfield code="b">BIB_UASJ</subfield>
      <subfield code="d">2011-03-14</subfield>
      <subfield code="y">CS</subfield>
      <subfield code="p">04-40564</subfield>
      <subfield code="i">04-40564</subfield>
      <subfield code="g">29</subfield>
      <subfield code="o">372.811.111 K599e</subfield>
      <subfield code="e">Donación México</subfield>
      <subfield code="8">MM</subfield>
    </datafield>
    <datafield tag="952" ind1=" " ind2=" ">
      <subfield code="a">BIB_RECT</subfield>
      <subfield code="b">BIB_UASJ</subfield>
      <subfield code="d">2011-03-14</subfield>
      <subfield code="y">CS</subfield>
      <subfield code="p">04-40565</subfield>
      <subfield code="i">04-40565</subfield>
      <subfield code="g">29</subfield>
      <subfield code="o">372.811.111 K599e</subfield>
      <subfield code="e">Donación México</subfield>
      <subfield code="8">MM</subfield>
    </datafield>
  </record>